@article{User_Interface_Modeling_in_UMLi,
 author = {da Silva, Paulo Pinheiro and Paton, Norman W.},
 title = {User Interface Modeling in UMLi},
 journal = {IEEE Softw.},
 volume = {20},
 issue = {4},
 month = {July},
 year = {2003},
 issn = {0740-7459},
 pages = {62--69},
 numpages = {8},
 url = {http://dl.acm.org/citation.cfm?id=858856.858897},
 doi = {10.1109/MS.2003.1207457},
 acmid = {858897},
 publisher = {IEEE Computer Society Press},
 address = {Los Alamitos, CA, USA},
 keywords = {user interface design, object-oriented design, UML, UMLi, model-based user interface development environments},
}

@article{The_Pragmatics_of_Model-Driven_Development,
 author = {Selic, Bran},
 title = {The Pragmatics of Model-Driven Development},
 journal = {IEEE Softw.},
 volume = {20},
 issue = {5},
 month = {September},
 year = {2003},
 issn = {0740-7459},
 pages = {19--25},
 numpages = {7},
 url = {http://dl.acm.org/citation.cfm?id=942589.942714},
 doi = {10.1109/MS.2003.1231146},
 acmid = {942714},
 publisher = {IEEE Computer Society Press},
 address = {Los Alamitos, CA, USA},
}

@inproceedings{ConcurTaskTrees_A_Diagrammatic_Notation_for_Specifying_Task_Models,
 author = {Patern\`{o}, Fabio and Mancini, Cristiano and Meniconi, Silvia},
 title = {ConcurTaskTrees: A Diagrammatic Notation for Specifying Task Models},
 booktitle = {Proceedings of the IFIP TC13 Interantional Conference on Human-Computer Interaction},
 series = {INTERACT '97},
 year = {1997},
 isbn = {0-412-80950-8},
 pages = {362--369},
 numpages = {8},
 url = {http://dl.acm.org/citation.cfm?id=647403.723688},
 acmid = {723688},
 publisher = {Chapman \& Hall, Ltd.},
 address = {London, UK, UK},
}

@INPROCEEDINGS{IdealXml_An_Interaction_Design_Tool,
AUTHOR = "Francisco Montero and Víctor López-Jaquero",
TITLE = "IdealXml: An Interaction Design Tool.",
booktitle = "CADUI'06",
PAGES = {245-252},
YEAR = {2006}  }
