@article{User_Interface_Modeling_in_UMLi,
 author = {da Silva, Paulo Pinheiro and Paton, Norman W.},
 title = {User Interface Modeling in UMLi},
 journal = {IEEE Softw.},
 volume = {20},
 issue = {4},
 month = {July},
 year = {2003},
 issn = {0740-7459},
 pages = {62--69},
 numpages = {8},
 url = {http://dl.acm.org/citation.cfm?id=858856.858897},
 doi = {10.1109/MS.2003.1207457},
 acmid = {858897},
 publisher = {IEEE Computer Society Press},
 address = {Los Alamitos, CA, USA},
 keywords = {user interface design, object-oriented design, UML, UMLi, model-based user interface development environments},
}

@article{The_Pragmatics_of_Model-Driven_Development,
 author = {Selic, Bran},
 title = {The Pragmatics of Model-Driven Development},
 journal = {IEEE Softw.},
 volume = {20},
 issue = {5},
 month = {September},
 year = {2003},
 issn = {0740-7459},
 pages = {19--25},
 numpages = {7},
 url = {http://dl.acm.org/citation.cfm?id=942589.942714},
 doi = {10.1109/MS.2003.1231146},
 acmid = {942714},
 publisher = {IEEE Computer Society Press},
 address = {Los Alamitos, CA, USA},
}

@inproceedings{ConcurTaskTrees_A_Diagrammatic_Notation_for_Specifying_Task_Models,
 author = {Patern\`{o}, Fabio and Mancini, Cristiano and Meniconi, Silvia},
 title = {ConcurTaskTrees: A Diagrammatic Notation for Specifying Task Models},
 booktitle = {Proceedings of the IFIP TC13 Interantional Conference on Human-Computer Interaction},
 series = {INTERACT '97},
 year = {1997},
 isbn = {0-412-80950-8},
 pages = {362--369},
 numpages = {8},
 url = {http://dl.acm.org/citation.cfm?id=647403.723688},
 acmid = {723688},
 publisher = {Chapman \& Hall, Ltd.},
 address = {London, UK, UK},
}

@INPROCEEDINGS{IdealXml_An_Interaction_Design_Tool,
AUTHOR = "Francisco Montero and Víctor López-Jaquero",
TITLE = "IdealXml: An Interaction Design Tool.",
booktitle = "CADUI'06",
PAGES = {245-252},
YEAR = {2006}  
}

@TECHREPORT{idealxml2,
    author = {Francisco Montero and María Lozano and Pascual González},
    title = { IDEALXML: an Experience-Based Environment for User Interface Design and pattern manipulation},
    institution = {},
    year = {2005}
}

@inproceedings{Generative_pattern-based_design_of_user_interfaces,
 author = {Vanderdonckt, Jean and Simarro, Francisco Montero},
 title = {Generative pattern-based design of user interfaces},
 booktitle = {Proceedings of the 1st International Workshop on Pattern-Driven Engineering of Interactive Computing Systems},
 series = {PEICS '10},
 year = {2010},
 isbn = {978-1-4503-0246-3},
 location = {Berlin, Germany},
 pages = {12--19},
 numpages = {8},
 url = {http://doi.acm.org/10.1145/1824749.1824753},
 doi = {http://doi.acm.org/10.1145/1824749.1824753},
 acmid = {1824753},
 publisher = {ACM},
 address = {New York, NY, USA},
 keywords = {descriptive pattern, generative pattern, model-driven engineering, user interface pattern},
}

@inproceedings{UsiXML_USer_Interface_eXtensible_Markup_Language,
 author = {{Usixml Consortium}},
 title = {UsiXML, USer Interface eXtensible Markup Language},
 year=2007
}

@INPROCEEDINGS{UsiXML_a_Language_Supporting_Multi-Path_Development_of_User_Interfaces,
    author = {Quentin Limbourg and Jean Vanderdonckt and Benjamin Michotte and Laurent Bouillon and Víctor López-Jaquero},
    title = {UsiXML: a Language Supporting Multi-Path Development of User Interfaces},
    year = {2004},
    pages = {11--13},
    publisher = {Springer-Verlag}
}

@inproceedings{Different_kinds_of_pattern_support_for_interactive_systems,
 author = {Forbrig, Peter and Wolff, Andreas},
 title = {Different kinds of pattern support for interactive systems},
 booktitle = {Proceedings of the 1st International Workshop on Pattern-Driven Engineering of Interactive Computing Systems},
 series = {PEICS '10},
 year = {2010},
 isbn = {978-1-4503-0246-3},
 location = {Berlin, Germany},
 pages = {36--39},
 numpages = {4},
 url = {http://doi.acm.org/10.1145/1824749.1824758},
 doi = {http://doi.acm.org/10.1145/1824749.1824758},
 acmid = {1824758},
 publisher = {ACM},
 address = {New York, NY, USA},
 keywords = {HCI patterns, design patterns, task models}
} 

@book{A_Pattern_Language_Towns_Buildings_Construction,
  author = {Alexander, Christopher and Ishikawa, Sara and Silverstein, Murray},
  address = {New York},
  howpublished = {Hardcover},
  interhash = {0aa653751ca0087edb3cbf198f659bb5},
  intrahash = {60fb69c4f1e0fd302c9bd0d04642ca05},
  publisher = {Oxford University Press},
  title = {A Pattern Language: Towns, Buildings, Construction},
  url = {http://www.amazon.fr/exec/obidos/ASIN/0195019199/citeulike04-21},
  year = 1977,
  timestamp = {2008-05-28T12:47:08.000+0200},
  keywords = {CERME-6-patterns CnE07 WLEFormativeEAssessment architecture cal09-patterns campus cerme6 chais2007 design designapproaches designpatterns eLPBookMor edid9 experiment jime08 mathgamespatterns mythesis oregon patterns planning postdocapplication},
  added-at = {2008-05-28T12:47:08.000+0200},
  priority = {2},
  isbn = {0195019199}
}

@book{Design_Patterns,
  author = {Gamma, Erich and Helm, Richard and Johnson, Ralph and Vlissides, John},
  address = {Boston, MA},
  howpublished = {Hardcover},
  interhash = {d46ec5e2c98583730aa182ceb4a3ab22},
  intrahash = {b074c2848d5c64657278632da5ecbd08},
  publisher = {Addison-Wesley},
  title = {Design Patterns},
  url = {http://www.amazon.co.uk/exec/obidos/ASIN/0201633612/citeulike-21},
  year = 1995,
  timestamp = {2007-02-20T10:25:30.000+0100},
  keywords = {Muster Entwurfsmuster Pattern},
  added-at = {2007-02-20T10:25:30.000+0100},
  priority = {0},
  isbn = {0201633612}
}

@book{The_Unified_Modeling_Language_Reference_Manual,
    author = {Rumbaugh, James and Jacobson, Ivar and Booch, Grady},
    citeulike-article-id = {281382},
    day = {02},
    howpublished = {Hardcover},
    isbn = {020130998X},
    keywords = {0\_modelling, 0\_uml},
    month = jan,
    posted-at = {2011-07-20 05:24:12},
    priority = {2},
    publisher = {Addison-Wesley Professional},
    title = {{The Unified Modeling Language Reference Manual}},
    url = {http://www.worldcat.org/isbn/020130998X},
    year = {1999}
}

@book{Mastering_JavaServer_Faces,
    author = {Dudney, Bill and Lehr, Jonathan and Willis, Bill and Mattingly, LeRoy},
    isbn = {978-0471462071},
    publisher = {Wiley},
    title = {{Mastering JavaServer Faces}},
    year = {2004}
}

@book{Java_Swing,
    author = {Elliott, James and Eckstein, Robert and Loy, Marc and Wood, David and Cole, Brian},
    isbn = {978-0596004088},
    publisher = {O'Reilly Media},
    title = {{Java Swing}},
    year = {2002}
}

@book{WPF_in_Action_with_Visual_Studio_2008,
 author = {Feldman, Arlen and Daymon, Maxx},
 title = {WPF in Action with Visual Studio 2008},
 year = {2008},
 isbn = {1933988223, 9781933988221},
 publisher = {Manning Publications Co.},
 address = {Greenwich, CT, USA}
}

@misc{The_Interaction_Design_Patterns_Page,
 author = {Erickson, Tom},
 title = {The Interaction Design Patterns Page},
 month = nov,
 year = {2011},
 howpublished={\url{http://www.visi.com/~snowfall/InteractionPatterns.html}}
}

@misc{Pattern_Language_Markup_Language,
 author = {Fincher, Sally},
 title = {PLML: Pattern Language Markup Language},
 month = feb,
 year = {2006},
 howpublished={\url{http://www.cs.kent.ac.uk/people/staff/saf/patterns/plml.html}}
}

@misc{ConcurTaskTrees_Environment,
 author = {{HIIS Laboratory}},
 title = {ConcurTaskTrees Environment},
 year = {2010},
 howpublished={\url{http://giove.isti.cnr.it/ctte.html}}
}

@article{ITS,
 author = {Wiecha, Charles and Bennett, William and Boies, Stephen and Gould, John and Greene, Sharon},
 title = {ITS: a tool for rapidly developing interactive applications},
 journal = {ACM Trans. Inf. Syst.},
 issue_date = {July 1990},
 volume = {8},
 number = {3},
 month = jul,
 year = {1990},
 issn = {1046-8188},
 pages = {204--236},
 numpages = {33},
 url = {http://doi.acm.org/10.1145/98188.98194},
 doi = {10.1145/98188.98194},
 acmid = {98194},
 publisher = {ACM},
 address = {New York, NY, USA},
}

@inproceedings{janus,
  title = {The JANUS Application Development Environment - Generating More than the User Interface},
  author = {Helmut Balzert and Frank Hofmann and Volker Kruschinski and Christoph Niemann},
  year = {1996},
  researchr = {http://researchr.org/publication/BalzertHKN96},
  cites = {0},
  citedby = {0},
  pages = {183-208},
  booktitle = {Computer-Aided Design of User Interfaces I, Proceedings of the Second International Workshop on Computer-Aided Design of User Interfaces, June 5-7, 1996, Namur, Belgium},
  editor = {Jean Vanderdonckt},
  publisher = {Presses Universitaires de Namur},
  isbn = {2-87037-232-9}
} 

@incollection{trident1,
 author = {Vanderdonckt, Jean},
 chapter = {Automatic generation of a user interface for highly interactive business-oriented applications},
 title = {Readings in intelligent user interfaces},
 editor = {Maybury, Mark T. and Wahlster, Wolfgang},
 year = {1998},
 isbn = {1-55860-444-8},
 pages = {516--520},
 numpages = {5},
 url = {http://dl.acm.org/citation.cfm?id=286013.286048},
 acmid = {286048},
 publisher = {Morgan Kaufmann Publishers Inc.},
 address = {San Francisco, CA, USA},
 keywords = {business-oriented applications, computer-aided generation, criteria, guidelines, layout, selection, styleguide}
} 

@TECHREPORT{trident2,
    author = {Jean Vanderdonckt},
    title = {Knowledge-Based Systems for Automated User Interface Generation: the TRIDENT Experience},
    institution = {IN PROCEEDINGS OF THE CHI ’95 WORKSHOP ON KNOWLEDGE-BASED SUPPORT FOR THE USER INTERFACE DESIGN PROCESS},
    year = {1995}
}

@incollection{adept1,
 author = {Johnson, Peter and Johnson, Hilary and Wilson, Stephanie},
 chapter = {Rapid prototyping of user interfaces driven by task models},
 title = {Scenario-based design},
 editor = {Carroll, John M.},
 year = {1995},
 isbn = {0-471-07659-7},
 pages = {209--246},
 numpages = {38},
 url = {http://dl.acm.org/citation.cfm?id=209227.209246},
 acmid = {209246},
 publisher = {John Wiley \& Sons, Inc.},
 address = {New York, NY, USA}
} 

@article{gadget,
 author = {Fogarty, James and Hudson, Scott E.},
 title = {GADGET: a toolkit for optimization-based approaches to interface and display generation},
 journal = {ACM Trans. Graph.},
 issue_date = {August 2004},
 volume = {23},
 number = {3},
 month = aug,
 year = {2004},
 issn = {0730-0301},
 pages = {730--730},
 numpages = {1},
 url = {http://doi.acm.org/10.1145/1015706.1015789},
 doi = {10.1145/1015706.1015789},
 acmid = {1015789},
 publisher = {ACM},
 address = {New York, NY, USA}
} 

@article{supple,
 author = {Gajos, Krzysztof Z. and Weld, Daniel S. and Wobbrock, Jacob O.},
 title = {Automatically generating personalized user interfaces with Supple},
 journal = {Artif. Intell.},
 issue_date = {August, 2010},
 volume = {174},
 number = {12-13},
 month = aug,
 year = {2010},
 issn = {0004-3702},
 pages = {910--950},
 numpages = {41},
 url = {http://dx.doi.org/10.1016/j.artint.2010.05.005},
 doi = {10.1016/j.artint.2010.05.005},
 acmid = {1824886},
 publisher = {Elsevier Science Publishers Ltd.},
 address = {Essex, UK},
 keywords = {Ability-based user interfaces, Adaptation, Automatic user interface generation, Optimization, Personalized user interfaces, Supple}
}

@inproceedings{molina,
  author    = {Pedro J. Molina},
  title     = {A Review to Model-Based User Interface Development Technology},
  booktitle = {MBUI},
  year      = {2004},
  ee        = {http://SunSITE.Informatik.RWTH-Aachen.de/Publications/CEUR-WS//Vol-103/molina-moreno.pdf}
}

@INPROCEEDINGS{SzekelyRetrospective,
    author = {Pedro Szekely},
    title = {Retrospective and Challenges for Model-Based Interface Development},
    booktitle = {Design, Specification and Verification of Interactive Systems ’96},
    year = {1996},
    pages = {1--27},
    publisher = {Springer-Verlag}
}

@ARTICLE{MyersUIMS,
    author = {Brad A. Myers},
    title = {User Interface Software Tools},
    journal = {ACM TRANSACTIONS ON COMPUTER-HUMAN INTERACTION},
    year = {1993},
    volume = {2},
    pages = {64--103}
}

@INPROCEEDINGS{mecano,
    author = {Angel Puerta},
    title = {The MECANO Project: Comprehensive and Integrated Support for Model-Based Interface Development},
    booktitle = {In Computer-Aided Design of User Interfaces},
    year = {1996},
    pages = {5--7},
    publisher = {Namur University Press}
}

@ARTICLE{Calvary,
    author = {Gaëlle Calvary and Joëlle Coutaz and David Thevenin and Quentin Limbourg and Laurent Bouillon and Jean Vanderdonckt},
    title = {A unifying reference framework for multi-target user interfaces},
    journal = {INTERACTING WITH COMPUTERS},
    year = {2003},
    volume = {15},
    pages = {289--308}
}

@manual{omgspem2,
    edition = {OMG},
    month = oct,
    organization = {Object Management Group, Inc.},
    posted-at = {2008-02-29 10:27:17},
    priority = {2},
    title = {{Software \& Systems Process Engineering Metamodel Specification v2.0}},
    year = {2007}
}

@inproceedings{usixmlmethod,
 author = {{Usixml Consortium}},
 title = {UsiXML Method Specification},
 year = 2012
}
